<?xml version="1.0" encoding="UTF-8"?>
<record xmlns="http://www.loc.gov/MARC21/slim" xmlns:xsi="http://www.w3.org/2001/XMLSchema-instance" xsi:schemaLocation="http://www.loc.gov/MARC21/slim http://www.loc.gov/standards/marcxml/schema/MARC21slim.xsd">
<leader>00000cam a22      a 4500</leader>
<controlfield tag="001">001680967</controlfield>
<controlfield tag="003">NNU</controlfield>
<controlfield tag="005">20150121181606.0</controlfield>
<controlfield tag="008">930913s1954    ua            000 0 ara d</controlfield>
<datafield tag="035" ind1=" " ind2=" ">
<subfield code="a">(OCoLC)84365850</subfield>
</datafield>
<datafield tag="040" ind1=" " ind2=" ">
<subfield code="a">NjP</subfield>
<subfield code="b">eng</subfield>
<subfield code="c">ZYU</subfield>
<subfield code="d">OCLCG</subfield>
<subfield code="d">OCLCA</subfield>
<subfield code="d">OCLCQ</subfield>
<subfield code="d">OCLCO</subfield>
<subfield code="d">OCLCF</subfield>
<subfield code="d">NNU</subfield>
</datafield>
<datafield tag="100" ind1="1" ind2=" ">
<subfield code="6">880-01</subfield>
<subfield code="a">Azharī, Khālid ibn ʻAbd Allāh,</subfield>
<subfield code="d">-1499.</subfield>
</datafield>
<datafield tag="245" ind1="1" ind2="0">
<subfield code="6">880-02</subfield>
<subfield code="a">Sharḥ al-Taṣrīḥ ʻalá al-Tawḍīḥ :</subfield>
<subfield code="b">ʻalá Alfīyat Ibn Mālik fī al-naḥw li-Jamāl al-Dīn Abī Muḥammad ibn ʻAbd Allāh ibn Yūsuf ibn Hishām al-Anṣārī /</subfield>
<subfield code="c">lil-Shaykh Khālid ibn ʻAbd Allāh al-Azharī. Wa-bi-hāmishihi Ḥāshiyah lil-ʻallāmah Yāsīn ibn Zayn al-Dīn al-ʻUlaymī al-Ḥimṣī.</subfield>
</datafield>
<datafield tag="260" ind1=" " ind2=" ">
<subfield code="6">880-03</subfield>
<subfield code="a">al-Qāhirah :</subfield>
<subfield code="b">Maṭbaʻat al-Istiqāmah,</subfield>
<subfield code="c">1954.</subfield>
</datafield>
<datafield tag="300" ind1=" " ind2=" ">
<subfield code="a">2 volumes ;</subfield>
<subfield code="c">28 cm</subfield>
</datafield>
<datafield tag="336" ind1=" " ind2=" ">
<subfield code="a">text</subfield>
<subfield code="b">txt</subfield>
<subfield code="2">rdacontent</subfield>
</datafield>
<datafield tag="337" ind1=" " ind2=" ">
<subfield code="a">unmediated</subfield>
<subfield code="b">n</subfield>
<subfield code="2">rdamedia</subfield>
</datafield>
<datafield tag="338" ind1=" " ind2=" ">
<subfield code="a">volume</subfield>
<subfield code="b">nc</subfield>
<subfield code="2">rdacarrier</subfield>
</datafield>
<datafield tag="650" ind1=" " ind2="0">
<subfield code="a">Arabic language</subfield>
<subfield code="x">Grammar</subfield>
<subfield code="v">Early works to 1800.</subfield>
</datafield>
<datafield tag="600" ind1="1" ind2="0">
<subfield code="6">880-04</subfield>
<subfield code="a">Ibn Mālik, Muḥammad ibn ʻAbd Allāh,</subfield>
<subfield code="d">-1274.</subfield>
<subfield code="t">Alfīyah.</subfield>
</datafield>
<datafield tag="630" ind1="0" ind2="7">
<subfield code="a">Alfīyah (Ibn Mālik, Muḥammad ibn ʻAbd Allāh)</subfield>
<subfield code="2">fast</subfield>
<subfield code="0">(OCoLC)fst01360506</subfield>
</datafield>
<datafield tag="650" ind1=" " ind2="7">
<subfield code="a">Arabic language</subfield>
<subfield code="x">Grammar.</subfield>
<subfield code="2">fast</subfield>
<subfield code="0">(OCoLC)fst00812341</subfield>
</datafield>
<datafield tag="655" ind1=" " ind2="7">
<subfield code="a">Early works.</subfield>
<subfield code="2">fast</subfield>
<subfield code="0">(OCoLC)fst01411636</subfield>
</datafield>
<datafield tag="700" ind1="1" ind2=" ">
<subfield code="6">880-05</subfield>
<subfield code="a">ʻUlaymī, Yāsīn ibn Zayn al-Dīn,</subfield>
<subfield code="d">-1650 or 1651.</subfield>
</datafield>
<datafield tag="700" ind1="1" ind2=" ">
<subfield code="a">Ibn Hishām, ʻAbd Allāh ibn Yūsuf,</subfield>
<subfield code="d">1309-1360</subfield>
<subfield code="6">880-06</subfield>
<subfield code="t">Awḍaḥ al-masālik ilá Alfīyat Ibn Mālik.</subfield>
</datafield>
<datafield tag="740" ind1="0" ind2=" ">
<subfield code="6">880-07</subfield>
<subfield code="a">Awḍaḥ al-masālik ilá Alfiyat Ibn Mālik.</subfield>
</datafield>
<datafield tag="880" ind1="1" ind2=" ">
<subfield code="6">100-01/</subfield>
<subfield code="a">أزهري، خالد بن عبد الله،</subfield>
<subfield code="d">-1499.</subfield>
</datafield>
<datafield tag="880" ind1="1" ind2="0">
<subfield code="6">245-02/</subfield>
<subfield code="a">شرح التصريح على التوضيح :</subfield>
<subfield code="b">على ألفية ابن مالك في النحو لجمال الدين أبي محمد بن عبد الله بن يوسف بن هشام الأنصاري /</subfield>
<subfield code="c">للشيخ خالد بن عبد الله الأزهري. وبهامشه حاشية للعلامة ياسين بن زين الدين العليمي الحمصي.</subfield>
</datafield>
<datafield tag="880" ind1=" " ind2=" ">
<subfield code="6">260-03/</subfield>
<subfield code="a">القاهرة :</subfield>
<subfield code="b">مطبعة الإستقامة،</subfield>
<subfield code="c">1954.</subfield>
</datafield>
<datafield tag="880" ind1="1" ind2="0">
<subfield code="6">600-04/</subfield>
<subfield code="a">ابن مالك، محمد بن عبد الله،</subfield>
<subfield code="d">-1274.</subfield>
<subfield code="t">الفية.</subfield>
</datafield>
<datafield tag="880" ind1="1" ind2=" ">
<subfield code="6">700-05/</subfield>
<subfield code="a">عليمي، يس بن زين الدين،</subfield>
<subfield code="d">-1650 or 1651.</subfield>
</datafield>
<datafield tag="880" ind1="1" ind2=" ">
<subfield code="6">700-06/</subfield>
<subfield code="a">ابن هشام، عبد الله بن يوسف،</subfield>
<subfield code="d">1309-1360.</subfield>
<subfield code="t">اوضح المسال الى الفية ابن مال.</subfield>
</datafield>
<datafield tag="880" ind1="0" ind2=" ">
<subfield code="6">740-07/</subfield>
<subfield code="a">اوضح المسالك الى الفية ابن مالك.</subfield>
</datafield>
<datafield tag="OWN" ind1=" " ind2=" ">
<subfield code="a">GENERAL</subfield>
</datafield>
<datafield tag="AVA" ind1=" " ind2=" ">
<subfield code="a">NYU50</subfield>
<subfield code="b">BOBST</subfield>
<subfield code="c">Main Collection</subfield>
<subfield code="d">PJ6101 .A9</subfield>
<subfield code="e">unavailable</subfield>
<subfield code="t">Unavailable</subfield>
<subfield code="f">2</subfield>
<subfield code="g">2</subfield>
<subfield code="h">Y</subfield>
<subfield code="i">0</subfield>
<subfield code="j">MAIN</subfield>
<subfield code="k">0</subfield>
</datafield>
</record>
